<record><leader>00000cas a2200000 a 4500</leader><controlfield tag="001">9964681</controlfield><controlfield tag="007">cr un|||||||||</controlfield><controlfield tag="008">830930c19829999ohuwr ne      0   a0eng c</controlfield><datafield ind1=" " ind2=" " tag="010"><subfield code="a">sn 85042478 </subfield></datafield><datafield ind1=" " ind2=" " tag="040"><subfield code="a">NDD</subfield><subfield code="b">eng</subfield><subfield code="c">NDD</subfield><subfield code="d">DLC</subfield><subfield code="d">ONP</subfield><subfield code="d">YOX</subfield><subfield code="d">MFN</subfield><subfield code="d">ANU</subfield><subfield code="d">IUL</subfield><subfield code="d">ONP</subfield><subfield code="d">CRL</subfield><subfield code="d">HUL</subfield><subfield code="d">NVK</subfield><subfield code="d">DCN</subfield><subfield code="d">CUS</subfield><subfield code="d">DLC</subfield><subfield code="d">OCL</subfield><subfield code="d">IUL</subfield><subfield code="d">OCLCQ</subfield><subfield code="d">TXA</subfield><subfield code="d">HUL</subfield><subfield code="d">OCLCA</subfield><subfield code="d">OCLCF</subfield><subfield code="d">DLC</subfield><subfield code="d">OCLCO</subfield><subfield code="d">OCLCA</subfield></datafield><datafield ind1="0" ind2=" " tag="022"><subfield code="a">2373-1745</subfield><subfield code="y">0045-4036</subfield><subfield code="2">1</subfield></datafield><datafield ind1="1" ind2=" " tag="029"><subfield code="a">AU@</subfield><subfield code="b">000020533852</subfield></datafield><datafield ind1=" " ind2=" " tag="042"><subfield code="a">pcc</subfield><subfield code="a">nsdp</subfield></datafield><datafield ind1=" " ind2=" " tag="043"><subfield code="a">n-us-oh</subfield></datafield><datafield ind1="0" ind2="0" tag="050"><subfield code="a">Newspaper</subfield></datafield><datafield ind1="1" ind2="0" tag="082"><subfield code="a">070</subfield><subfield code="2">23</subfield></datafield><datafield ind1="0" ind2=" " tag="130"><subfield code="a">Call and post (Cleveland, Ohio : Cleveland ed. Print)</subfield></datafield><datafield ind1=" " ind2="0" tag="222"><subfield code="a">Call and post</subfield><subfield code="b">(Cleveland, Ohio. Cleveland ed. Print)</subfield></datafield><datafield ind1="0" ind2="0" tag="245"><subfield code="a">Call and post.</subfield></datafield><datafield ind1="1" ind2=" " tag="246"><subfield code="i">Issues for &lt;2002-&gt; have title:</subfield><subfield code="a">Call &amp; post</subfield></datafield><datafield ind1=" " ind2=" " tag="250"><subfield code="a">Cleveland ed.</subfield></datafield><datafield ind1=" " ind2=" " tag="260"><subfield code="a">Cleveland, Ohio :</subfield><subfield code="b">P.W. Pub. Co.,</subfield><subfield code="c">1982-</subfield></datafield><datafield ind1=" " ind2=" " tag="300"><subfield code="a">v.</subfield></datafield><datafield ind1=" " ind2=" " tag="310"><subfield code="a">Weekly</subfield></datafield><datafield ind1="0" ind2=" " tag="362"><subfield code="a">Vol. 67, no. 32 (Aug. 7, 1982)-</subfield></datafield><datafield ind1="8" ind2=" " tag="521"><subfield code="a">"Ohio's Black Newspaper."</subfield></datafield><datafield ind1=" " ind2=" " tag="530"><subfield code="a">Issued also on microfilm by University Microfilms International &lt;-2001&gt;; by ProQuest &lt;2001-&gt;.</subfield></datafield><datafield ind1=" " ind2=" " tag="580"><subfield code="a">Issued also in Columbus, Ohio and Cincinnati, Ohio editions.</subfield></datafield><datafield ind1=" " ind2=" " tag="588"><subfield code="a">Latest issue consulted: Vol. 83, no. 26 (June 25, 1998).</subfield></datafield><datafield ind1=" " ind2="0" tag="650"><subfield code="a">African Americans</subfield><subfield code="z">Ohio</subfield><subfield code="v">Newspapers.</subfield></datafield><datafield ind1=" " ind2="0" tag="651"><subfield code="a">Cleveland (Ohio)</subfield><subfield code="v">Newspapers.</subfield></datafield><datafield ind1=" " ind2="0" tag="651"><subfield code="a">Cuyahoga County (Ohio)</subfield><subfield code="v">Newspapers.</subfield></datafield><datafield ind1=" " ind2="7" tag="650"><subfield code="a">African Americans.</subfield><subfield code="2">fast</subfield><subfield code="0">(OCoLC)fst00799558</subfield></datafield><datafield ind1=" " ind2="7" tag="651"><subfield code="a">Ohio.</subfield><subfield code="2">fast</subfield><subfield code="0">(OCoLC)fst01205075</subfield></datafield><datafield ind1=" " ind2="7" tag="651"><subfield code="a">Ohio</subfield><subfield code="z">Cleveland.</subfield><subfield code="2">fast</subfield><subfield code="0">(OCoLC)fst01205966</subfield></datafield><datafield ind1=" " ind2="7" tag="651"><subfield code="a">Ohio</subfield><subfield code="z">Cuyahoga County.</subfield><subfield code="2">fast</subfield><subfield code="0">(OCoLC)fst01202752</subfield></datafield><datafield ind1=" " ind2="7" tag="655"><subfield code="a">Newspapers.</subfield><subfield code="2">fast</subfield><subfield code="0">(OCoLC)fst01423814</subfield></datafield><datafield ind1=" " ind2=" " tag="752"><subfield code="a">United States</subfield><subfield code="b">Ohio</subfield><subfield code="c">Cuyahoga</subfield><subfield code="d">Cleveland.</subfield></datafield><datafield ind1="1" ind2=" " tag="775"><subfield code="t">Call and post (Columbus, Ohio ed.)</subfield><subfield code="w">(DLC)sn 84024225</subfield><subfield code="w">(OCoLC)11283002</subfield></datafield><datafield ind1="1" ind2=" " tag="775"><subfield code="t">Call and post (Cincinnati, Ohio ed.)</subfield><subfield code="w">(DLC)sn 88077398</subfield><subfield code="w">(OCoLC)17937562</subfield></datafield><datafield ind1="0" ind2="8" tag="776"><subfield code="i">Online version:</subfield><subfield code="t">Call and post (Cleveland, Ohio : Cleveland ed. Online)</subfield><subfield code="x">2373-1737</subfield><subfield code="w">(DLC)  2014202274</subfield><subfield code="w">(OCoLC)433675508</subfield></datafield><datafield ind1="0" ind2="0" tag="780"><subfield code="t">Call and post (Cleveland, Ohio : City ed.)</subfield><subfield code="x">0045-4036</subfield><subfield code="w">(DLC)sn 78004777</subfield><subfield code="w">(OCoLC)2258889</subfield></datafield><datafield ind1="4" ind2="1" tag="856"><subfield code="u">http://www.call-post.com/index.htm</subfield></datafield><datafield ind1="4" ind2="1" tag="856"><subfield code="u">http://proquest.umi.com/</subfield><subfield code="z">Available with the the ProQuest Historical Newspapers The Call and Post (1934-1991)</subfield></datafield></record>